<collection><record><leader>01262nam a2200361I  4500</leader><controlfield tag="001">ocm02592076</controlfield><controlfield tag="005">19800212191427.0</controlfield><controlfield tag="008">761203s1969    fr abef  b    000 0 fre  </controlfield><datafield ind1=" " ind2=" " tag="010"><subfield code="a">74422424</subfield></datafield><datafield ind1=" " ind2=" " tag="020"><subfield code="a">9791037492192</subfield></datafield><datafield ind1=" " ind2=" " tag="037"><subfield code="c">40.00</subfield></datafield><datafield ind1=" " ind2=" " tag="040"><subfield code="a">DLC</subfield><subfield code="c">INT</subfield><subfield code="d">IOG</subfield><subfield code="d">WaOLN</subfield><subfield code="d">UtOrBLW</subfield></datafield><datafield ind1="1" ind2=" " tag="041"><subfield code="a">fre</subfield><subfield code="b">engger</subfield></datafield><datafield ind1=" " ind2=" " tag="049"><subfield code="a">IOGA</subfield></datafield><datafield ind1="0" ind2=" " tag="050"><subfield code="a">N6849.P9</subfield><subfield code="b">D8</subfield></datafield><datafield ind1=" " ind2=" " tag="090"><subfield code="a">N6849.P9</subfield><subfield code="b">D8</subfield></datafield><datafield ind1=" " ind2=" " tag="090"><subfield code="a">N6849.P9</subfield><subfield code="b">D8</subfield><subfield code="m">IOGA</subfield><subfield code="i">35030001000112</subfield></datafield><datafield ind1="1" ind2=" " tag="100"><subfield code="a">Durliat, Marcel.</subfield></datafield><datafield ind1="1" ind2="0" tag="245"><subfield code="a">Pyrenees romanes</subfield><subfield code="c">[par] Marcel Durliat, Victor Allegre.  Photographies inedites de Zodiaque. Traduction allemande de Hilaire de Vos.  Traduction anglaise de Mme P. Fontaney.</subfield></datafield><datafield ind1=" " ind2=" " tag="260"><subfield code="a">La Pierre-qui-vire, Yonne :</subfield><subfield code="b">Zodiaque,</subfield><subfield code="c">1969.</subfield></datafield><datafield ind1=" " ind2=" " tag="300"><subfield code="a">374 p.</subfield><subfield code="b">illus., maps, plates (part col.)</subfield><subfield code="c">23 cm.</subfield></datafield><datafield ind1="1" ind2=" " tag="490"><subfield code="a">La Nuit des temps, 30.</subfield></datafield><datafield ind1=" " ind2=" " tag="500"><subfield code="a">Summaries in English and German.</subfield></datafield><datafield ind1=" " ind2=" " tag="500"><subfield code="a">"Numero special de vacances ... 1969 de ... Zodiaque."</subfield></datafield><datafield ind1=" " ind2=" " tag="504"><subfield code="a">Includes bibliographical references.</subfield></datafield><datafield ind1=" " ind2="0" tag="650"><subfield code="a">Art, Romanesque</subfield><subfield code="z">Pyrenees.</subfield></datafield><datafield ind1=" " ind2="0" tag="650"><subfield code="a">Art</subfield><subfield code="z">Pyrenees.</subfield></datafield><datafield ind1="1" ind2=" " tag="700"><subfield code="a">Allegre, Victor.</subfield></datafield><datafield ind1="2" ind2=" " tag="710"><subfield code="a">Zodiaque.</subfield></datafield><datafield ind1=" " ind2="0" tag="830"><subfield code="a">Nuit des temps, 30.</subfield></datafield><datafield ind1=" " ind2=" " tag="907"><subfield code="a">.b11000041</subfield><subfield code="b">06-16-09</subfield><subfield code="c">09-03-89</subfield></datafield><datafield ind1=" " ind2=" " tag="998"><subfield code="a">ioga</subfield><subfield code="b">02-12-80</subfield><subfield code="c">m</subfield><subfield code="d">a</subfield><subfield code="e">-</subfield><subfield code="f">fre</subfield><subfield code="g">fr </subfield><subfield code="h">0</subfield><subfield code="i">0</subfield></datafield><datafield ind1="e" ind2="b" tag="947" /></record>
</collection>